% thesisbib.bib--bibliography database for Bibtex

@article{abbott2016observation,
  title     = {Observation of gravitational waves from a binary black hole merger},
  author    = {Abbott, Benjamin P and Abbott, Richard and Abbott, TD and Abernathy, MR and Acernese, Fausto and Ackley, Kendall and Adams, Carl and Adams, Thomas and Addesso, Paolo and Adhikari, RX and others},
  journal   = {Physical Review Letters},
  volume    = {116},
  number    = {6},
  pages     = {061102},
  year      = {2016},
  publisher = {APS}
}

@article{ashirov2008tetramerization,
  title     = {Tetramerization of 3-methyl-cyclopropene-3-carbonitrile: A novel CN-Alder-ene reaction},
  author    = {Ashirov, Roman V and Shamov, Grigory A and Lodochnikova, Olga A and Litvynov, IA and Appolonova, Svetlana A and Plemenkov, Vitaly V},
  journal   = {The Journal of organic chemistry},
  volume    = {73},
  number    = {15},
  pages     = {5985--5988},
  year      = {2008},
  publisher = {ACS Publications}
}
@software{buctthesis,
  title    = {{BUCTthesis: A LaTeX writting template for BUCT thesis}},
  author   = {{Miracle0565}},
  year     = {2020},
  urldate  = {2020-04-08},
  url      = {https://github.com/Miracle0565/BUCTthesis}
}
@standard{gbt7714-2005,
  author   = {{中国国家标准化管理委员会}},
  title    = {GB/T 7714-2005: 文后参考文献著录规则},
  year     = {2005},
  address  = {北京},
  publisher= {中国标准出版社},
  language = {chinese}
}
@book{latexcompanion,
  author    = {Frank Mittelbach and Michel Goossens and Johannes Braams and David, P.Carlisle and Chris Rowley},
  title     = {The {\LaTeX{}} {C}ompanion},
  edition   = {2},
  address   = {Reading, Massachusetts},
  publisher = {Addison-Wesley},
  year      = {2004}
}
@book{latexrumen,
  author    = {刘海洋},
  title     = {\LaTeX{}入门},
  year      = {2013},
  publisher = {电子工业出版社},
  address   = {北京},
  isbn      = {978-7-121-20208-7},
  language  = {chinese}
}
@book{texbook,
  author    = {Donald~E. Knuth},
  title     = {The {\TeX} book},
  year      = {1989},
  edition   = {15},
  address   = {Reading, Massachusetts},
  publisher = {Addison-Wesley Publishing Company}
}
@online{thenorm,
  title    = {本科生毕业设计（论文）撰写规范},
  author   = {北京化工大学教务处},
  year     = {2019},
  urldate  = {2020-02-06},
  url      = {https://jiaowuchu.buct.edu.cn/2018/1009/c515a22046/page.htm}
}